<record><leader>00000cas a22000007a 4500</leader><controlfield tag="001">22778990</controlfield><controlfield tag="008">901205c19889999ohuwr ne      0    0eng d</controlfield><datafield ind1=" " ind2=" " tag="010"><subfield code="a">sn 90068309 </subfield></datafield><datafield ind1=" " ind2=" " tag="040"><subfield code="a">ONP</subfield><subfield code="b">eng</subfield><subfield code="c">ONP</subfield><subfield code="d">OCLCQ</subfield></datafield><datafield ind1=" " ind2=" " tag="042"><subfield code="a">msc</subfield></datafield><datafield ind1="0" ind2=" " tag="130"><subfield code="a">Columbiana heritage (Columbiana, Ohio)</subfield></datafield><datafield ind1="1" ind2="4" tag="245"><subfield code="a">The Columbiana heritage.</subfield></datafield><datafield ind1=" " ind2=" " tag="260"><subfield code="a">Columbiana, Ohio :</subfield><subfield code="b">Carlos E. Warner,</subfield><subfield code="c">1988-</subfield></datafield><datafield ind1=" " ind2=" " tag="300"><subfield code="a">v.</subfield></datafield><datafield ind1=" " ind2=" " tag="310"><subfield code="a">Weekly</subfield></datafield><datafield ind1="0" ind2=" " tag="362"><subfield code="a">Vol. 1. no. 1 (Mar. 21, 1988)-</subfield></datafield><datafield ind1=" " ind2=" " tag="500"><subfield code="a">Published in Columbiana, Ohio but later moved to Salem, Ohio.</subfield></datafield><datafield ind1=" " ind2=" " tag="500"><subfield code="a">Published in Salem, Ohio for Columbiana County residents.</subfield></datafield><datafield ind1=" " ind2=" " tag="752"><subfield code="a">United States</subfield><subfield code="b">Ohio</subfield><subfield code="c">Columbiana</subfield><subfield code="d">Salem.</subfield></datafield><datafield ind1=" " ind2=" " tag="752"><subfield code="a">United States</subfield><subfield code="b">Ohio</subfield><subfield code="c">Columbiana</subfield><subfield code="d">Columbiana.</subfield></datafield></record>